@article{barham2003xen,
  title={Xen and the art of virtualization},
  author={Barham, Paul and Dragovic, Boris and Fraser, Keir and Hand, Steven and Harris, Tim and Ho, Alex and Neugebauer, Rolf and Pratt, Ian and Warfield, Andrew},
  journal={ACM SIGOPS Operating Systems Review},
  volume={37},
  number={5},
  pages={164--177},
  year={2003},
  publisher={ACM}
}

@webpage{ARAMiS,
  title   = {{Automotive, Railway and Avionics Multicore Systems (ARAMiS)}},
  year    = {2011},
  url     = {http://www.projekt-aramis.de/},
  lastchecked = {2016-08-12}
}